<collection>
<record>
<leader>11676cpcaa22015257a 4500</leader>
<controlfield tag="001">16067981</controlfield>
<controlfield tag="005">20230720105801.0</controlfield>
<controlfield tag="008">100125i19771982dcu eng </controlfield>
<datafield ind1=" " ind2=" " tag="906">
<subfield code="a">7</subfield>
<subfield code="b">cbc</subfield>
<subfield code="c">orignew</subfield>
<subfield code="d">u</subfield>
<subfield code="e">ncip</subfield>
<subfield code="f">20</subfield>
<subfield code="g">y-folklife</subfield>
</datafield>
<datafield ind1=" " ind2=" " tag="955">
<subfield code="a">mkru 2010-01-25;</subfield>
<subfield code="a">mseg 2013-01-07;</subfield>
<subfield code="a">kste 2014-03-11; cker 2014-12-05;</subfield>
<subfield code="a">mkru 2015-01-15</subfield>
<subfield code="a">mkru 2017-02-01</subfield>
<subfield code="a">mkru 2017-04-24</subfield>
<subfield code="a">mkru 2017-10-16</subfield>
<subfield code="a">masmit 2021-06-08</subfield>
<subfield code="a">vmor 2023-07-18</subfield>
</datafield>
<datafield ind1=" " ind2=" " tag="010">
<subfield code="a"> 2010655308</subfield>
</datafield>
<datafield ind1="2" ind2="0" tag="033">
<subfield code="a">1977----</subfield>
<subfield code="a">1978----</subfield>
</datafield>
<datafield ind1=" " ind2=" " tag="040">
<subfield code="a">DLC</subfield>
<subfield code="c">DLC</subfield>
<subfield code="e">dacs</subfield>
<subfield code="d">DLC</subfield>
</datafield>
<datafield ind1=" " ind2=" " tag="043">
<subfield code="a">n-us-ga</subfield>
<subfield code="a">n-us-dc</subfield>
</datafield>
<datafield ind1=" " ind2=" " tag="090">
<subfield code="a">VBV 3651-3658</subfield>
</datafield>
<datafield ind1=" " ind2=" " tag="090">
<subfield code="a">RXA 1531-1710; RYA 0861-1056; RYM 3876-3877</subfield>
</datafield>
<datafield ind1=" " ind2=" " tag="090">
<subfield code="a">AFS 20874-21249</subfield>
</datafield>
<datafield ind1=" " ind2=" " tag="090">
<subfield code="a">AFC 1982/010</subfield>
</datafield>
<datafield ind1="0" ind2="0" tag="245">
<subfield code="a">South-Central Georgia Folklife Project collection,</subfield>
<subfield code="f">1977-1982</subfield>
<subfield code="g">(bulk 1977) /</subfield>
<subfield code="c">
collected by the American Folklife Center and the Arts Experiment Station of Abraham Baldwin Agricultural College.
</subfield>
</datafield>
<datafield ind1=" " ind2=" " tag="260">
<subfield code="c">1977-1982.</subfield>
</datafield>
<datafield ind1=" " ind2=" " tag="300">
<subfield code="a">19,294</subfield>
<subfield code="f">items ;</subfield>
<subfield code="a">13</subfield>
<subfield code="f">containers ;</subfield>
<subfield code="a">6.5</subfield>
<subfield code="f">linear feet.</subfield>
</datafield>
<datafield ind1=" " ind2=" " tag="300">
<subfield code="3">manuscripts</subfield>
<subfield code="a">139</subfield>
<subfield code="f">folders.</subfield>
</datafield>
<datafield ind1=" " ind2=" " tag="300">
<subfield code="a">179 sound tape reels :</subfield>
<subfield code="b">analog ;</subfield>
<subfield code="c">7 in.</subfield>
</datafield>
<datafield ind1=" " ind2=" " tag="300">
<subfield code="a">1 sound tape reel :</subfield>
<subfield code="b">analog ;</subfield>
<subfield code="c">5 in.</subfield>
</datafield>
<datafield ind1=" " ind2=" " tag="300">
<subfield code="a">196 sound cassettes :</subfield>
<subfield code="b">analog.</subfield>
</datafield>
<datafield ind1=" " ind2=" " tag="300">
<subfield code="a">8 videocassettes (U-Matic) :</subfield>
<subfield code="b">sound, color ;</subfield>
<subfield code="c">3/4 in.</subfield>
</datafield>
<datafield ind1=" " ind2=" " tag="300">
<subfield code="a">7768 photographs :</subfield>
<subfield code="b">film negatives, black-and-white ;</subfield>
<subfield code="c">35 mm</subfield>
</datafield>
<datafield ind1=" " ind2=" " tag="300">
<subfield code="a">590 photographs :</subfield>
<subfield code="b">film transparencies, black-and-white ;</subfield>
<subfield code="c">2 1/4 x 2 1/4 in.</subfield>
</datafield>
<datafield ind1=" " ind2=" " tag="300">
<subfield code="a">5734 slides :</subfield>
<subfield code="b">color ;</subfield>
<subfield code="c">35 mm and 2 1/4 in.</subfield>
</datafield>
<datafield ind1=" " ind2=" " tag="300">
<subfield code="a">237 photographs :</subfield>
<subfield code="b">film transparencies, color ;</subfield>
<subfield code="c">2 1/4 x 2 1/4 in.</subfield>
</datafield>
<datafield ind1=" " ind2=" " tag="300">
<subfield code="a">31 drawings :</subfield>
<subfield code="b">pen-and-ink, black-and-white ;</subfield>
<subfield code="c">various sizes.</subfield>
</datafield>
<datafield ind1=" " ind2=" " tag="518">
<subfield code="a">
Sound and video recordings made primarily in south central Georgia by Thomas Adler, Carl Fleischhauer, Alan Jabbour, William Lightfoot, Howard Marshall, Beverly J. Robinson, and David Stanley, fieldworkers for the American Folklife Center, July-August 1977, a few recordings were made in May 1978.
</subfield>
</datafield>
<datafield ind1=" " ind2=" " tag="545">
<subfield code="a">
The South-Central Georgia Folklife Project was a joint undertaking of the American Folklife Center, Library of Congress and the Arts Experiment Station of Abraham Baldwin Agricultural College in Tifton, Georgia conducted during six weeks in the summer of 1977. The eight-county area chosen for the study is in the center of the "Wiregrass" region of Georgia. The research team based in Tifton included six fieldworkers from the American Folklife Center, and the director, Alan Jabbour; as well as Syd Blackmarr, director of the Arts Experiment Station, and Dennis Coelho who later served as folklorist-in-residence at the Arts Experiment Station.
</subfield>
</datafield>
<datafield ind1=" " ind2=" " tag="520">
<subfield code="a">
Collection of documentary materials resulting from an ethnographic field research project conducted by the American Folklife Center in eight counties of south central Georgia, and at Mt. Zion, Georgia, in July and August 1977 in cooperation with the Arts Experiment Station of Abraham Baldwin Agricultural College. Topics of research were hymn singing conventions, gospel singing of white and African American residents, fiddling and old-time music, vernacular architecture, quilts and quilting, occupations, foodways, jokes and stories from the region, which were documented through approximately 300 hours of audio interviews and in recordings made at local events. The collection also includes photographs and sound recordings of the following people and activities: Hugh McGraw, Raymond Hamrick, J. C. Cooper, and others leading sacred harp singing; other congregational and gospel singing groups; African American children's games, singing games, handclapping, and hambone; and old-time and bluegrass music featuring local fiddle, guitar, piano, and banjo players.
</subfield>
</datafield>
<datafield ind1=" " ind2=" " tag="520">
<subfield code="a">
Subjects of documentary photography include: people interviewed for the project; copies of their family photographs; vernacular houses, barns, and outbuildings, including log buildings; tools, furniture, birdhouses, and yard art; wells; tobacco culture, including curing, harvesting, warehouses, auctions, and farms, as well as tobacco workers; peanut, cotton, soybean, corn, and wheat fields; crop dusting; churches; religious services, including baptisms; prayers, sermons, hymn singing, and tent revivals; church suppers; barbecue cooking; breakfasts; quilts, crochet, and basket work; woodcarving; vernacular boats, boat repair, and boat building; fishing; graveyards, gravesites and grave markers; grocery stores, restaurants, dry goods stores, and a barber shop; business and roadside signs; a piano repair shop; aerial photographs; gathering wild herbs; trees, landscapes; swamps and rivers; and turtles, catfish, cattle, and dogs. The collection includes photographs of sculpture, paintings, and gardens at Pope's Museum, near Pelham, Georgia, featuring the sculpture and artwork of Laura Pope Forester who died in 1953, and artwork and sculpture of St. EOM (Eddie Owens Martin) and his creation, Pasaquan. Includes photographs of President Nyerere of Tanzania visiting Abraham Baldwin Agricultural College, August 9, 1977. Also includes photographs of the reception held for the exhibition "Folk Art and Folk Life," at the Library of Congress in Washington, D.C. with Dr. and Mrs. Daniel Boorstin; First Lady Rosalynn Carter, Amy Carter, Mrs. Mary Beth Busbee, J. Michael Carrigan, Jr., Don Yoder, and Reverend Howard Finster, January 26, 1978, and photographs of the exhibition, February, 1978. Includes additional photographs of a seminar held in the Whittall Pavilion, Library of Congress, March 17, 1978, titled "Southern Folk Pottery: The Meaders Family Tradition," with Lanier Meaders, Mrs. Cheever Meaders, John Burrison, and Ralph Rinzler. More photographs of south Georgia cemeteries were taken by Dennis Coelho, Georgia state folklorist, in the summer of 1979. Thirty-one pen-and-ink drawings of vernacular buildings and floor plans were made by Howard Marshall. The collection includes documentation of the exhibition, and proposed publication projects to 1982.
</subfield>
</datafield>
<datafield ind1=" " ind2=" " tag="524">
<subfield code="a">
South-Central Georgia Folklife Project collection (AFC 1982/010), Archive of Folk Culture, American Folklife Center, Library of Congress, Washington, D.C.
</subfield>
</datafield>
<datafield ind1=" " ind2=" " tag="530">
<subfield code="a">
The majority of the collection is available online as a Library of Congress digital collection titled South Central Georgia Folklife Project Collection
</subfield>
<subfield code="u">
https://www.loc.gov/collections/south-central-georgia-folklife-project/about-this-collection/
</subfield>
</datafield>
<datafield ind1="1" ind2=" " tag="506">
<subfield code="a">
The collection is open for research use; physical access is restricted, some or all materials are stored offsite. To request materials, please contact the Folklife Reading Room at
</subfield>
<subfield code="u">http://hdl.loc.gov/loc.afc/folklife.contact</subfield>
</datafield>
<datafield ind1=" " ind2=" " tag="540">
<subfield code="a">
Duplication of the collection materials may be governed by copyright and other restrictions.
</subfield>
</datafield>
<datafield ind1=" " ind2=" " tag="541">
<subfield code="a">Accessioned;</subfield>
<subfield code="d">1982.</subfield>
</datafield>
<datafield ind1=" " ind2=" " tag="544">
<subfield code="n">
Additional materials related to the exhibition of Howard Finster's work at the Library of Congress in 1978 are found in the Howard Finster collection (AFC 1984/016).
</subfield>
</datafield>
<datafield ind1=" " ind2=" " tag="546">
<subfield code="a">In English.</subfield>
</datafield>
<datafield ind1="0" ind2=" " tag="555">
<subfield code="a">
Finding aid is available in the Folklife Reading Room, Library of Congress and online
</subfield>
<subfield code="u">http://hdl.loc.gov/loc.afc/eadafc.af014001</subfield>
</datafield>
<datafield ind1=" " ind2=" " tag="581">
<subfield code="a">
Selected photographs from this collection are published in Sketches of South Georgia folklife / edited by Carl Fleischhauer and Howard W. Marshall (Washington, D.C. : Library of Congress, 1977), available online.
</subfield>
</datafield>
<datafield ind1="1" ind2="0" tag="600">
<subfield code="a">Nyerere, Julius K.,</subfield>
<subfield code="d">1922-1999</subfield>
<subfield code="v">Photographs.</subfield>
</datafield>
<datafield ind1="1" ind2="0" tag="600">
<subfield code="a">Finster, Howard,</subfield>
<subfield code="d">1916-2001.</subfield>
</datafield>
<datafield ind1="1" ind2="0" tag="600">
<subfield code="a">Forester, Laura Pope,</subfield>
<subfield code="d">1873-1953.</subfield>
</datafield>
<datafield ind1="0" ind2="0" tag="600">
<subfield code="a">St. EOM,</subfield>
<subfield code="d">1908-1986</subfield>
<subfield code="v">Photographs.</subfield>
</datafield>
<datafield ind1="2" ind2="0" tag="610">
<subfield code="a">South Georgia Sacred Harp Singing Convention.</subfield>
</datafield>
<datafield ind1=" " ind2="0" tag="650">
<subfield code="a">Folk music</subfield>
<subfield code="z">Georgia.</subfield>
</datafield>
<datafield ind1=" " ind2="0" tag="650">
<subfield code="a">Folklore</subfield>
<subfield code="z">Georgia.</subfield>
</datafield>
<datafield ind1=" " ind2="0" tag="650">
<subfield code="a">Choral societies</subfield>
<subfield code="z">Georgia.</subfield>
</datafield>
<datafield ind1=" " ind2="0" tag="650">
<subfield code="a">Bluegrass music</subfield>
<subfield code="y">1971-1980.</subfield>
</datafield>
<datafield ind1=" " ind2="0" tag="650">
<subfield code="a">Shape-note singing</subfield>
<subfield code="z">Georgia.</subfield>
</datafield>
<datafield ind1=" " ind2="0" tag="650">
<subfield code="a">Hymns, English</subfield>
<subfield code="z">Georgia.</subfield>
</datafield>
<datafield ind1=" " ind2="0" tag="650">
<subfield code="a">Gospel music</subfield>
<subfield code="z">Georgia.</subfield>
</datafield>
<datafield ind1=" " ind2="0" tag="650">
<subfield code="a">Worship programs.</subfield>
</datafield>
<datafield ind1=" " ind2="0" tag="650">
<subfield code="a">Hymn festivals</subfield>
<subfield code="z">Georgia.</subfield>
</datafield>
<datafield ind1=" " ind2="0" tag="650">
<subfield code="a">Food habits</subfield>
<subfield code="z">Georgia.</subfield>
</datafield>
<datafield ind1=" " ind2="0" tag="650">
<subfield code="a">Tales</subfield>
<subfield code="z">Georgia.</subfield>
</datafield>
<datafield ind1=" " ind2="0" tag="650">
<subfield code="a">Singing games</subfield>
<subfield code="z">Georgia.</subfield>
</datafield>
<datafield ind1=" " ind2="0" tag="650">
<subfield code="a">African American children's games</subfield>
<subfield code="z">Georgia.</subfield>
</datafield>
<datafield ind1=" " ind2="0" tag="650">
<subfield code="a">Quilts</subfield>
<subfield code="z">Georgia.</subfield>
</datafield>
<datafield ind1=" " ind2="0" tag="650">
<subfield code="a">African American quiltmakers</subfield>
<subfield code="z">Georgia.</subfield>
</datafield>
<datafield ind1=" " ind2="0" tag="650">
<subfield code="a">Vernacular architecture</subfield>
<subfield code="z">Georgia.</subfield>
</datafield>
<datafield ind1=" " ind2="0" tag="650">
<subfield code="a">Baptist church buildings</subfield>
<subfield code="z">Georgia.</subfield>
</datafield>
<datafield ind1=" " ind2="0" tag="650">
<subfield code="a">Methodist church buildings</subfield>
<subfield code="z">Georgia.</subfield>
</datafield>
<datafield ind1=" " ind2="0" tag="650">
<subfield code="a">Cemeteries</subfield>
<subfield code="z">Georgia.</subfield>
</datafield>
<datafield ind1=" " ind2="0" tag="650">
<subfield code="a">Boats</subfield>
<subfield code="z">Georgia.</subfield>
</datafield>
<datafield ind1=" " ind2="0" tag="650">
<subfield code="a">Fishing</subfield>
<subfield code="z">Georgia.</subfield>
</datafield>
<datafield ind1=" " ind2="0" tag="650">
<subfield code="a">Agriculture</subfield>
<subfield code="z">Georgia.</subfield>
</datafield>
<datafield ind1=" " ind2="0" tag="650">
<subfield code="a">Tobacco farms</subfield>
<subfield code="z">Georgia.</subfield>
</datafield>
<datafield ind1=" " ind2="0" tag="650">
<subfield code="a">Old-time music</subfield>
<subfield code="z">Georgia.</subfield>
</datafield>
<datafield ind1=" " ind2="0" tag="650">
<subfield code="a">Fiddle tunes</subfield>
<subfield code="z">Georgia.</subfield>
</datafield>
<datafield ind1=" " ind2="0" tag="650">
<subfield code="a">Sculpture</subfield>
<subfield code="z">Georgia.</subfield>
</datafield>
<datafield ind1=" " ind2="0" tag="650">
<subfield code="a">Outsider art</subfield>
<subfield code="z">Georgia.</subfield>
</datafield>
<datafield ind1=" " ind2="0" tag="650">
<subfield code="a">African Americans</subfield>
<subfield code="z">Georgia</subfield>
<subfield code="v">Music.</subfield>
</datafield>
<datafield ind1=" " ind2="0" tag="650">
<subfield code="a">African Americans</subfield>
<subfield code="z">Georgia</subfield>
<subfield code="v">Social life and customs.</subfield>
</datafield>
<datafield ind1=" " ind2="0" tag="650">
<subfield code="a">Gopher tortoise</subfield>
<subfield code="z">Georgia</subfield>
<subfield code="v">Photographs.</subfield>
</datafield>
<datafield ind1=" " ind2="0" tag="650">
<subfield code="a">Documentary photography</subfield>
<subfield code="z">Georgia.</subfield>
</datafield>
<datafield ind1=" " ind2="0" tag="651">
<subfield code="a">Georgia</subfield>
<subfield code="x">Social life and customs.</subfield>
</datafield>
<datafield ind1=" " ind2="0" tag="651">
<subfield code="a">Georgia</subfield>
<subfield code="x">Social life and customs</subfield>
<subfield code="v">Pictorial works</subfield>
<subfield code="v">Photographs.</subfield>
</datafield>
<datafield ind1=" " ind2="0" tag="651">
<subfield code="a">Ben Hill County (Ga.)</subfield>
<subfield code="x">Social life and customs.</subfield>
</datafield>
<datafield ind1=" " ind2="0" tag="651">
<subfield code="a">Berrien County (Ga.)</subfield>
<subfield code="x">Social life and customs.</subfield>
</datafield>
<datafield ind1=" " ind2="0" tag="651">
<subfield code="a">Colquitt County (Ga.)</subfield>
<subfield code="x">Social life and customs.</subfield>
</datafield>
<datafield ind1=" " ind2="0" tag="651">
<subfield code="a">Cook County (Ga.)</subfield>
<subfield code="x">Social life and customs.</subfield>
</datafield>
<datafield ind1=" " ind2="0" tag="651">
<subfield code="a">Irwin County (Ga.)</subfield>
<subfield code="x">Social life and customs.</subfield>
</datafield>
<datafield ind1=" " ind2="0" tag="651">
<subfield code="a">Grady County (Ga.)</subfield>
<subfield code="x">Social life and customs.</subfield>
</datafield>
<datafield ind1=" " ind2="0" tag="651">
<subfield code="a">Tift County (Ga.)</subfield>
<subfield code="x">Social life and customs.</subfield>
</datafield>
<datafield ind1=" " ind2="0" tag="651">
<subfield code="a">Turner County (Ga.)</subfield>
<subfield code="x">Social life and customs.</subfield>
</datafield>
<datafield ind1=" " ind2="0" tag="651">
<subfield code="a">Worth County (Ga.)</subfield>
<subfield code="x">Social life and customs.</subfield>
</datafield>
<datafield ind1=" " ind2="0" tag="651">
<subfield code="a">Washington (D.C.)</subfield>
<subfield code="e">event place.</subfield>
</datafield>
<datafield ind1=" " ind2="7" tag="655">
<subfield code="a">Correspondence.</subfield>
<subfield code="2">aat</subfield>
</datafield>
<datafield ind1=" " ind2="7" tag="655">
<subfield code="a">Field notes.</subfield>
<subfield code="2">aat</subfield>
</datafield>
<datafield ind1=" " ind2="7" tag="655">
<subfield code="a">Ethnography.</subfield>
<subfield code="2">aat</subfield>
</datafield>
<datafield ind1=" " ind2="7" tag="655">
<subfield code="a">Sermons.</subfield>
<subfield code="2">aat</subfield>
</datafield>
<datafield ind1=" " ind2="7" tag="655">
<subfield code="a">Interviews.</subfield>
<subfield code="2">lcgft</subfield>
</datafield>
<datafield ind1=" " ind2="7" tag="655">
<subfield code="a">Oral histories.</subfield>
<subfield code="2">lcgft</subfield>
</datafield>
<datafield ind1=" " ind2="7" tag="655">
<subfield code="a">Sound recordings.</subfield>
<subfield code="2">lcgft</subfield>
</datafield>
<datafield ind1=" " ind2="7" tag="655">
<subfield code="a">Videocassettes.</subfield>
<subfield code="2">aat</subfield>
</datafield>
<datafield ind1=" " ind2="7" tag="655">
<subfield code="a">Photographs.</subfield>
<subfield code="2">aat</subfield>
</datafield>
<datafield ind1=" " ind2="7" tag="655">
<subfield code="a">Aerial photographs.</subfield>
<subfield code="2">gmgpc</subfield>
</datafield>
<datafield ind1=" " ind2="7" tag="655">
<subfield code="a">Drawings.</subfield>
<subfield code="2">aat</subfield>
</datafield>
<datafield ind1=" " ind2="7" tag="655">
<subfield code="a">Programs.</subfield>
<subfield code="2">aat</subfield>
</datafield>
<datafield ind1=" " ind2="7" tag="655">
<subfield code="a">Clippings.</subfield>
<subfield code="2">gmgpc</subfield>
</datafield>
<datafield ind1=" " ind2="7" tag="655">
<subfield code="a">Essays.</subfield>
<subfield code="2">aat</subfield>
</datafield>
<datafield ind1=" " ind2="7" tag="655">
<subfield code="a">Hymns.</subfield>
<subfield code="2">lcgft</subfield>
</datafield>
<datafield ind1=" " ind2="7" tag="655">
<subfield code="a">Gospel music.</subfield>
<subfield code="2">lcgft</subfield>
</datafield>
<datafield ind1=" " ind2="7" tag="655">
<subfield code="a">Bluegrass music.</subfield>
<subfield code="2">lcgft</subfield>
</datafield>
<datafield ind1=" " ind2="7" tag="655">
<subfield code="a">Songs.</subfield>
<subfield code="2">lcgft</subfield>
</datafield>
<datafield ind1="1" ind2=" " tag="700">
<subfield code="a">Adler, Thomas A.,</subfield>
<subfield code="e">interviewer,</subfield>
<subfield code="e">photographer.</subfield>
</datafield>
<datafield ind1="1" ind2=" " tag="700">
<subfield code="a">Blackmarr, Syd,</subfield>
<subfield code="e">interviewer.</subfield>
</datafield>
<datafield ind1="1" ind2=" " tag="700">
<subfield code="a">Coelho, Dennis,</subfield>
<subfield code="e">interviewer,</subfield>
<subfield code="e">photographer.</subfield>
</datafield>
<datafield ind1="1" ind2=" " tag="700">
<subfield code="a">Fleischhauer, Carl,</subfield>
<subfield code="e">interviewer,</subfield>
<subfield code="e">photographer.</subfield>
</datafield>
<datafield ind1="1" ind2=" " tag="700">
<subfield code="a">Jabbour, Alan,</subfield>
<subfield code="e">interviewer,</subfield>
<subfield code="e">photographer.</subfield>
</datafield>
<datafield ind1="1" ind2=" " tag="700">
<subfield code="a">Lightfoot, William E.</subfield>
<subfield code="q">(William Edwin),</subfield>
<subfield code="d">1940-</subfield>
<subfield code="e">interviewer,</subfield>
<subfield code="e">photographer.</subfield>
</datafield>
<datafield ind1="1" ind2=" " tag="700">
<subfield code="a">Marshall, Howard W.,</subfield>
<subfield code="e">interviewer,</subfield>
<subfield code="e">photographer,</subfield>
<subfield code="e">artist.</subfield>
</datafield>
<datafield ind1="1" ind2=" " tag="700">
<subfield code="a">Robinson, Beverly J.,</subfield>
<subfield code="e">interviewer,</subfield>
<subfield code="e">photographer.</subfield>
</datafield>
<datafield ind1="1" ind2=" " tag="700">
<subfield code="a">Stanley, David,</subfield>
<subfield code="d">1942-</subfield>
<subfield code="e">interviewer,</subfield>
<subfield code="e">photographer.</subfield>
</datafield>
<datafield ind1="1" ind2=" " tag="700">
<subfield code="a">Hamrick, Raymond C.</subfield>
</datafield>
<datafield ind1="1" ind2=" " tag="700">
<subfield code="a">McGraw, Hugh.</subfield>
</datafield>
<datafield ind1="2" ind2=" " tag="710">
<subfield code="a">Archive of Folk Culture (Library of Congress),</subfield>
<subfield code="e">collector.</subfield>
</datafield>
<datafield ind1="2" ind2=" " tag="710">
<subfield code="a">American Folklife Center,</subfield>
<subfield code="e">sponsor.</subfield>
</datafield>
<datafield ind1="2" ind2=" " tag="710">
<subfield code="a">Abraham Baldwin Agricultural College,</subfield>
<subfield code="e">sponsor.</subfield>
</datafield>
<datafield ind1="0" ind2=" " tag="740">
<subfield code="a">
Southern folk pottery: the Meaders family tradition
</subfield>
</datafield>
<datafield ind1=" " ind2=" " tag="852">
<subfield code="a">Library of Congress</subfield>
<subfield code="b">Archive of Folk Culture, American Folklife Center,</subfield>
<subfield code="e">
101 Independence Ave. S. E., Washington, DC USA 20540-4610
</subfield>
<subfield code="u">http://hdl.loc.gov/loc.afc/folklife.home</subfield>
</datafield>
<datafield ind1="4" ind2="1" tag="856">
<subfield code="3">Online presentation</subfield>
<subfield code="u">http://hdl.loc.gov/loc.afc/collafc.afc1982010</subfield>
</datafield>
<datafield ind1="4" ind2="2" tag="856">
<subfield code="3">Finding aid</subfield>
<subfield code="u">http://hdl.loc.gov/loc.afc/eadafc.af014001</subfield>
</datafield>
<datafield ind1=" " ind2=" " tag="985">
<subfield code="a">afc/ead</subfield>
</datafield>
<datafield ind1=" " ind2=" " tag="985">
<subfield code="a">afc/coll</subfield>
</datafield>
</record>
</collection>